@manual{1912531_R2-1912531,
 organization = {3rd Generation Partnership Project (3GPP)},
 month = {October},
 number = {R2-1912531},
 title = {On the supporting of relaxed measurement state for {UE} power saving},
 type = {{3GPP} {TSG}-{RAN} {WG2} {Meeting} 107-bis},
 year = {2019}
}

@manual{3gpp_5gs_2022_SP-220803,
 organization = {3rd Generation Partnership Project (3GPP)},
 month = {September},
 number = {SP-220803},
 title = {{5GS} support of {NR} {RedCap} {UE} with long {eDRX} for {RRC}\_INACTIVE {State}},
 type = {{3GPP} {TSG}-{SA} {Meeting} 97-e},
 year = {2022}
}

@manual{3gpp_evolved_nodate_36.211,
 organization = {3rd Generation Partnership Project (3GPP)},
 number = {36.211},
 title = {Evolved {Universal} {Terrestrial} {Radio} {Access} ({E}-{UTRA}); {Physical} channels and modulation},
 type = {Technical {Specification} ({TS})},
}

@manual{3gpp_ew_2021-1_SP-211635,
 annote = {Version 17},
 organization = {3rd Generation Partnership Project (3GPP)},
 month = {December},
 number = {SP-211635},
 title = {ew {SID}: {Study} on enhanced support of {NR} {RedCap} with long {eDRX} for {RRC} {INACTIVE} {State}},
 type = {Ericsson, {3GPP} {TSG} {SA} meeting 94e},
 year = {2021}
}

@manual{3gpp_ew_2021_SP-211635,
 annote = {Version 17},
 organization = {3rd Generation Partnership Project (3GPP)},
 month = {December},
 number = {SP-211635},
 title = {ew {SID}: {Study} on enhanced support of {NR} {RedCap} with long {eDRX} for {RRC} {INACTIVE} {State}},
 type = {Ericsson, {3GPP} {TSG} {SA} meeting 94e},
 year = {2021}
}

@manual{3gpp_fl_2022-1_R1-2009293,
 annote = {Version 17},
 organization = {3rd Generation Partnership Project (3GPP)},
 month = {January},
 number = {R1-2009293},
 title = {{FL} summary on {RedCap} evaluation results},
 type = {{3GPP} {TSG}-{RAN} {WG1} {Meeting} 103-e},
 year = {2022}
}

@manual{3gpp_fl_2022-2_R1-2009293,
 annote = {Version 17},
 organization = {3rd Generation Partnership Project (3GPP)},
 month = {January},
 number = {R1-2009293},
 title = {{FL} summary on {RedCap} evaluation results},
 type = {{3GPP} {TSG}-{RAN} {WG1} {Meeting} 103-e},
 year = {2022}
}

@manual{3gpp_fl_2022_R1-2009293,
 annote = {Version 17},
 organization = {3rd Generation Partnership Project (3GPP)},
 month = {January},
 number = {R1-2009293},
 title = {{FL} summary on {RedCap} evaluation results},
 type = {{3GPP} {TSG}-{RAN} {WG1} {Meeting} 103-e},
 year = {2022}
}

@manual{3gpp_framework_2020_R2-2009618,
 organization = {3rd Generation Partnership Project (3GPP)},
 month = {November},
 number = {R2-2009618},
 title = {Framework and principles for {RedCap}},
 type = {{3GPP} {TSG}-{RAN} {WG2} {Meeting} 112-e},
 year = {2020}
}

@manual{3gpp_further_2020_R2-2009116,
 organization = {3rd Generation Partnership Project (3GPP)},
 month = {November},
 number = {R2-2009116},
 title = {Further considerations for {eDRX}},
 type = {{3GPP} {TSG}-{RAN} {WG2} {Meeting} 112-e},
 year = {2020}
}

@manual{3gpp_further_2022-1_R1-2201671,
 annote = {Version 17},
 organization = {3rd Generation Partnership Project (3GPP)},
 month = {February},
 number = {R1-2201671},
 title = {On further {NR} {RedCap} {UE} complexity reduction},
 type = {Ericsson, {3GPP} {TSG}-{RAN} {WG1} {Meeting} 108-e},
 year = {2022}
}

@manual{3gpp_further_2022_R1-2201671,
 annote = {Version 17},
 organization = {3rd Generation Partnership Project (3GPP)},
 month = {February},
 number = {R1-2201671},
 title = {On further {NR} {RedCap} {UE} complexity reduction},
 type = {Ericsson, {3GPP} {TSG}-{RAN} {WG1} {Meeting} 108-e},
 year = {2022}
}

@manual{3gpp_new_2021-1_RP-213661,
 annote = {Version 17},
 organization = {3rd Generation Partnership Project (3GPP)},
 month = {December},
 number = {RP-213661},
 title = {New {SID} on {Study} on further {NR} {RedCap} {UE} complexity reduction},
 type = {Ericsson, {3GPP} {TSG} {RAN} meeting 94e},
 year = {2021}
}

@manual{3gpp_new_2021_RP-213661,
 annote = {Version 17},
 organization = {3rd Generation Partnership Project (3GPP)},
 month = {December},
 number = {RP-213661},
 title = {New {SID} on {Study} on further {NR} {RedCap} {UE} complexity reduction},
 type = {Ericsson, {3GPP} {TSG} {RAN} meeting 94e},
 year = {2021}
}

@manual{3gpp_ng-ran_2022-1_38.401,
 annote = {Version 17.1.1},
 organization = {3rd Generation Partnership Project (3GPP)},
 month = {July},
 number = {38.401},
 title = {{NG}-{RAN}; {Architecture} description},
 type = {Technical {Specification} ({TS})},
 year = {2022}
}

@manual{3gpp_ng-ran_2022-2_38.420,
 annote = {Version 17.1.0},
 organization = {3rd Generation Partnership Project (3GPP)},
 month = {June},
 number = {38.420},
 title = {{NG}-{RAN}; {Xn} general aspects and principles},
 type = {Technical {Specification} ({TS})},
 year = {2022}
}

@manual{3gpp_ng-ran_2022-3_38.401,
 annote = {Version 17.1.1},
 organization = {3rd Generation Partnership Project (3GPP)},
 month = {July},
 number = {38.401},
 title = {{NG}-{RAN}; {Architecture} description},
 type = {Technical {Specification} ({TS})},
 year = {2022}
}

@manual{3gpp_ng-ran_2022_38.420,
 annote = {Version 17.1.0},
 organization = {3rd Generation Partnership Project (3GPP)},
 month = {June},
 number = {38.420},
 title = {{NG}-{RAN}; {Xn} general aspects and principles},
 type = {Technical {Specification} ({TS})},
 year = {2022}
}

@manual{3gpp_nr_2022-10_38.304,
 annote = {Version 17.2.0},
 organization = {3rd Generation Partnership Project (3GPP)},
 month = {October},
 number = {38.304},
 title = {{NR}; {User} {Equipment} ({UE}) procedures in idle mode and in {RRC} {Inactive} state},
 type = {Technical {Specification} ({TS})},
 year = {2022}
}

@manual{3gpp_nr_2022-11_38.133,
 annote = {Version 17.7.0},
 organization = {3rd Generation Partnership Project (3GPP)},
 month = {October},
 number = {38.133},
 title = {{NR}; {Requirements} for support of radio resource management},
 type = {Technical {Specification} ({TS})},
 year = {2022}
}

@manual{3gpp_nr_2022-12_38.101-2,
 annote = {Version 17},
 organization = {3rd Generation Partnership Project (3GPP)},
 month = {June},
 number = {38.101-2},
 title = {{NR}; {User} {Equipment} ({UE}) radio transmission and reception; {Part} 2: {Range} 2 {Standalone}},
 type = {Technical {Specification} ({TS})},
 year = {2022}
}

@manual{3gpp_nr_2022-13_38.300,
 annote = {Version 17.1.0},
 organization = {3rd Generation Partnership Project (3GPP)},
 month = {July},
 number = {38.300},
 title = {{NR}; {NR} and {NG}-{RAN} {Overall} description; {Stage}-2},
 type = {Technical {Specification} ({TS})},
 year = {2022}
}

@manual{3gpp_nr_2022-1_38.213,
 annote = {Version 17.3.0},
 organization = {3rd Generation Partnership Project (3GPP)},
 month = {September},
 number = {38.213},
 title = {{NR}; {Physical} layer procedures for control},
 type = {Technical {Specification} ({TS})},
 year = {2022}
}

@manual{3gpp_nr_2022-2_38.211,
 annote = {Version 17.3.0},
 organization = {3rd Generation Partnership Project (3GPP)},
 month = {September},
 number = {38.211},
 title = {{NR}; {Physical} channels and modulation},
 type = {Technical {Specification} ({TS})},
 year = {2022}
}

@manual{3gpp_nr_2022-3_38.215,
 annote = {Version 17.2.0},
 organization = {3rd Generation Partnership Project (3GPP)},
 month = {September},
 number = {38.215},
 title = {{NR}; {Physical} layer measurements},
 type = {Technical {Specification} ({TS})},
 year = {2022}
}

@manual{3gpp_nr_2022-4_38.212,
 annote = {Version 17.3.0},
 organization = {3rd Generation Partnership Project (3GPP)},
 month = {September},
 number = {38.212},
 title = {{NR}; {Multiplexing} and channel coding},
 type = {Technical {Specification} ({TS})},
 year = {2022}
}

@manual{3gpp_nr_2022-5_38.201,
 annote = {Version 17.0.0},
 organization = {3rd Generation Partnership Project (3GPP)},
 month = {January},
 number = {38.201},
 title = {{NR}; {Physical} layer; {General} description},
 type = {Technical {Specification} ({TS})},
 year = {2022}
}

@manual{3gpp_nr_2022-6_38.202,
 annote = {Version 17.2.0},
 organization = {3rd Generation Partnership Project (3GPP)},
 month = {June},
 number = {38.202},
 title = {{NR}; {Services} provided by the physical layer},
 type = {Technical {Specification} ({TS})},
 year = {2022}
}

@manual{3gpp_nr_2022-7_38.101-2,
 annote = {Version 17},
 organization = {3rd Generation Partnership Project (3GPP)},
 month = {June},
 number = {38.101-2},
 title = {{NR}; {User} {Equipment} ({UE}) radio transmission and reception; {Part} 2: {Range} 2 {Standalone}},
 type = {Technical {Specification} ({TS})},
 year = {2022}
}

@manual{3gpp_nr_2022-8_38.300,
 annote = {Version 17.1.0},
 organization = {3rd Generation Partnership Project (3GPP)},
 month = {July},
 number = {38.300},
 title = {{NR}; {NR} and {NG}-{RAN} {Overall} description; {Stage}-2},
 type = {Technical {Specification} ({TS})},
 year = {2022}
}

@manual{3gpp_nr_2022-9_38.101-2,
 annote = {Version 17},
 organization = {3rd Generation Partnership Project (3GPP)},
 month = {June},
 number = {38.101-2},
 title = {{NR}; {User} {Equipment} ({UE}) radio transmission and reception; {Part} 2: {Range} 2 {Standalone}},
 type = {Technical {Specification} ({TS})},
 year = {2022}
}

@manual{3gpp_nr_2022_38.214,
 annote = {Version 17.3.0},
 organization = {3rd Generation Partnership Project (3GPP)},
 month = {September},
 number = {38.214},
 title = {{NR}; {Physical} layer procedures for data},
 type = {Technical {Specification} ({TS})},
 year = {2022}
}

@manual{3gpp_nr_nodate-1_38.101-2,
 organization = {3rd Generation Partnership Project (3GPP)},
 number = {38.101-2},
 title = {{NR}; {User} {Equipment} ({UE}) radio transmission and reception; {Part} 2: {Range} 2 {Standalone}},
 type = {Technical {Specification} ({TS})},
}

@manual{3gpp_nr_nodate-2_38.101-1,
 organization = {3rd Generation Partnership Project (3GPP)},
 number = {38.101-1},
 title = {{NR}; {User} {Equipment} ({UE}) radio transmission and reception; {Part} 1: {Range} 1 {Standalone}},
 type = {Technical {Specification} ({TS})},
}

@manual{3gpp_nr_nodate-3_38.331,
 organization = {3rd Generation Partnership Project (3GPP)},
 number = {38.331},
 title = {{NR}; {Radio} {Resource} {Control} ({RRC}); {Protocol} specification},
 type = {Technical {Specification} ({TS})},
}

@manual{3gpp_nr_nodate-4_38.306,
 organization = {3rd Generation Partnership Project (3GPP)},
 number = {38.306},
 title = {{NR}; {User} {Equipment} ({UE}) radio access capabilities},
 type = {Technical {Specification} ({TS})},
}

@manual{3gpp_nr_nodate_38.300,
 annote = {Version 17.1.0},
 organization = {3rd Generation Partnership Project (3GPP)},
 number = {38.300},
 title = {{NR}; {NR} and {NG}-{RAN} {Overall} description; {Stage}-2},
 type = {Technical {Specification} ({TS})},
}

@manual{3gpp_policy_2022-1_23.503,
 annote = {Version 17.5.0},
 organization = {3rd Generation Partnership Project (3GPP)},
 month = {June},
 number = {23.503},
 title = {Policy and charging control framework for the {5G} {System} ({5GS}); {Stage} 2},
 type = {Technical {Specification} ({TS})},
 year = {2022}
}

@manual{3gpp_policy_2022_23.503,
 annote = {Version 17.5.0},
 organization = {3rd Generation Partnership Project (3GPP)},
 month = {June},
 number = {23.503},
 title = {Policy and charging control framework for the {5G} {System} ({5GS}); {Stage} 2},
 type = {Technical {Specification} ({TS})},
 year = {2022}
}

@manual{3gpp_procedures_2022-1_23.502,
 annote = {Version 17.5.0},
 organization = {3rd Generation Partnership Project (3GPP)},
 month = {June},
 number = {23.502},
 title = {Procedures for the {5G} {System} ({5GS})},
 type = {Technical {Specification} ({TS})},
 year = {2022}
}

@manual{3gpp_procedures_2022_23.502,
 annote = {Version 17.5.0},
 organization = {3rd Generation Partnership Project (3GPP)},
 month = {June},
 number = {23.502},
 title = {Procedures for the {5G} {System} ({5GS})},
 type = {Technical {Specification} ({TS})},
 year = {2022}
}

@manual{3gpp_redcap_2020_R2-2009620,
 organization = {3rd Generation Partnership Project (3GPP)},
 month = {November},
 number = {R2-2009620},
 title = {{RedCap} {Power} {Saving} enhancements},
 type = {{3GPP} {TSG}-{RAN} {WG2} {Meeting} 112-e},
 year = {2020}
}

@manual{3gpp_release_2019-1_21.915,
 annote = {Version 15.0.0},
 organization = {3rd Generation Partnership Project (3GPP)},
 month = {October},
 number = {21.915},
 title = {Release 15 {Description}; {Summary} of {Rel}-15 {Work} {Items}},
 type = {Technical {Report} ({TR})},
 year = {2019}
}

@manual{3gpp_release_2019_21.915,
 annote = {Version 15.0.0},
 organization = {3rd Generation Partnership Project (3GPP)},
 month = {October},
 number = {21.915},
 title = {Release 15 {Description}; {Summary} of {Rel}-15 {Work} {Items}},
 type = {Technical {Report} ({TR})},
 year = {2019}
}

@manual{3gpp_revised_2021-1_RP-211574,
 organization = {3rd Generation Partnership Project (3GPP)},
 month = {June},
 number = {RP-211574},
 title = {Revised {WID} on support of reduced capability {NR} devices},
 type = {{3GPP}™ {Work} {Item} {Description}},
 year = {2021}
}

@manual{3gpp_revised_2021-2_RP-212630,
 annote = {Version 17},
 organization = {3rd Generation Partnership Project (3GPP)},
 month = {September},
 number = {RP-212630},
 title = {Revised {WID} {UE} {Power} {Saving} {Enhancements} for {NR}},
 type = {{MediaTek} {Inc}. and {ZTE}, {3GPP} {TSG} {RAN} meeting 93e},
 year = {2021}
}

@manual{3gpp_revised_2021-3_RP-211574,
 organization = {3rd Generation Partnership Project (3GPP)},
 month = {June},
 number = {RP-211574},
 title = {Revised {WID} on support of reduced capability {NR} devices},
 type = {{3GPP}™ {Work} {Item} {Description}},
 year = {2021}
}

@manual{3gpp_revised_2021_RP-212630,
 annote = {Version 17},
 organization = {3rd Generation Partnership Project (3GPP)},
 month = {September},
 number = {RP-212630},
 title = {Revised {WID} {UE} {Power} {Saving} {Enhancements} for {NR}},
 type = {{MediaTek} {Inc}. and {ZTE}, {3GPP} {TSG} {RAN} meeting 93e},
 year = {2021}
}

@manual{3gpp_revised_2022-1_RP-220966,
 organization = {3rd Generation Partnership Project (3GPP)},
 month = {March},
 number = {RP-220966},
 title = {Revised {WID} on support of reduced capability {NR} devices},
 type = {{3GPP} {TSG}-{RAN} {Meeting} 95-e},
 year = {2022}
}

@manual{3gpp_revised_2022_RP-223544,
 organization = {3rd Generation Partnership Project (3GPP)},
 month = {December},
 number = {RP-223544},
 title = {Revised {WID} on {Enhanced} support of reduced capability {NR} devices},
 type = {{3GPP} {TSG}-{RAN} {Meeting} 98-e},
 year = {2022}
}

@misc{3gpp_rp-211574_nodate,
 title = {{RP}-211574 - {Revised} {WID} on support of reduced capability {NR} devices}
}

@manual{3gpp_rrm_2019_R2-1912334,
 organization = {3rd Generation Partnership Project (3GPP)},
 month = {October},
 number = {R2-1912334},
 title = {{RRM} measurement relaxation criteria},
 type = {{3GPP} {TSG}-{RAN} {WG2} {Meeting} 107-bis},
 year = {2019}
}

@manual{3gpp_service_2022-1_22.261,
 annote = {Version 18.6.1},
 organization = {3rd Generation Partnership Project (3GPP)},
 month = {June},
 number = {22.261},
 title = {Service requirements for the {5G} system},
 type = {Technical {Specification} ({TS})},
 year = {2022}
}

@manual{3gpp_service_2022_22.261,
 annote = {Version 18.6.1},
 organization = {3rd Generation Partnership Project (3GPP)},
 month = {June},
 number = {22.261},
 title = {Service requirements for the {5G} system},
 type = {Technical {Specification} ({TS})},
 year = {2022}
}






@manual{3gpp_study_2016-1_23.799,
 annote = {Version 14.0.0},
 organization = {3rd Generation Partnership Project (3GPP)},
 month = {December},
 number = {23.799},
 title = {Study on {Architecture} for {Next} {Generation} {System}},
 type = {Technical {Report} ({TR})},
 year = {2016}
}

@manual{3gpp_study_2016_23.799,
 annote = {Version 14.0.0},
 organization = {3rd Generation Partnership Project (3GPP)},
 month = {December},
 number = {23.799},
 title = {Study on {Architecture} for {Next} {Generation} {System}},
 type = {Technical {Report} ({TR})},
 year = {2016}
}

@manual{3gpp_study_2019-1_38.840,
 annote = {Version 16.0.0},
 organization = {3rd Generation Partnership Project (3GPP)},
 month = {June},
 number = {38.840},
 title = {Study on {User} {Equipment} ({UE}) power saving in {NR}},
 type = {Technical {Report} ({TR})},
 year = {2019}
}

@manual{3gpp_study_2019_38.840,
 annote = {Version 16.0.0},
 organization = {3rd Generation Partnership Project (3GPP)},
 month = {June},
 number = {38.840},
 title = {Study on {User} {Equipment} ({UE}) power saving in {NR}},
 type = {Technical {Report} ({TR})},
 year = {2019}
}

@manual{3gpp_study_2021-1_38.875,
 annote = {Version 17},
 organization = {3rd Generation Partnership Project (3GPP)},
 month = {March},
 number = {38.875},
 title = {Study on support of reduced capability {NR} devices},
 type = {Technical {Report} ({TR})},
 year = {2021}
}

@manual{3gpp_study_2021-2_38.875,
 annote = {Version 17.0.0},
 organization = {3rd Generation Partnership Project (3GPP)},
 month = {March},
 number = {38.875},
 title = {Study on support of reduced capability {NR} devices},
 type = {Technical {Report} ({TR})},
 year = {2021}
}



@manual{3gpp_study_2022-1_23.700-68,
 annote = {Version 18.1.0},
 organization = {3rd Generation Partnership Project (3GPP)},
 month = {December},
 number = {23.700-68},
 title = {Study on {Support} of reduced capability {NR} devices; {Phase} 2},
 type = {Technical {Report} ({TR})},
 year = {2022}
}

@manual{3gpp_study_2022_38.865,
 annote = {Version 18.0.0},
 organization = {3rd Generation Partnership Project (3GPP)},
 month = {September},
 number = {38.865},
 title = {Study on further {NR} {RedCap} {UE} complexity reduction},
 type = {Technical {Report} ({TR})},
 year = {2022}
}

@manual{3gpp_study_nodate-1_37.910,
 organization = {3rd Generation Partnership Project (3GPP)},
 number = {37.910},
 title = {Study on self evaluation towards {IMT}-2020 submission},
 type = {Technical {Report} ({TR})},
}

@manual{3gpp_study_nodate-2_38.802,
 organization = {3rd Generation Partnership Project (3GPP)},
 number = {38.802},
 title = {Study on new radio access technology {Physical} layer aspects},
 type = {Technical {Report} ({TR})},
}

@manual{3gpp_study_nodate-3_38.830,
 organization = {3rd Generation Partnership Project (3GPP)},
 number = {38.830},
 title = {Study on {NR} coverage enhancements},
 type = {Technical {Report} ({TR})},
}

@manual{3gpp_study_nodate-4_38.804,
 organization = {3rd Generation Partnership Project (3GPP)},
 number = {38.804},
 title = {Study on new radio access technology {Radio} interface protocol aspects},
 type = {Technical {Report} ({TR})},
}

@manual{3gpp_study_nodate_38.824,
 organization = {3rd Generation Partnership Project (3GPP)},
 number = {38.824},
 title = {Study on physical layer enhancements for {NR} ultra-reliable and low latency case ({URLLC})},
 type = {Technical {Report} ({TR})},
}

@manual{3gpp_system_2022-1_23.501,
 annote = {Version 17.5.0},
 organization = {3rd Generation Partnership Project (3GPP)},
 month = {June},
 number = {23.501},
 title = {System architecture for the {5G} {System} ({5GS})},
 type = {Technical {Specification} ({TS})},
 year = {2022}
}

@manual{3gpp_system_2022_23.501,
 annote = {Version 17.5.0},
 organization = {3rd Generation Partnership Project (3GPP)},
 month = {June},
 number = {23.501},
 title = {System architecture for the {5G} {System} ({5GS})},
 type = {Technical {Specification} ({TS})},
 year = {2022}
}

@manual{3gpp_tp_2021_R2-2100459,
 organization = {3rd Generation Partnership Project (3GPP)},
 month = {January},
 number = {R2-2100459},
 title = {{TP} for {TR} 38875 on evaluation for {RRM} relaxation},
 type = {{3GPP} {TSG}-{RAN} {WG2} {Meeting} 113-e},
 year = {2021}
}

@manual{3gpp_ue_2019_R2-1912335,
 organization = {3rd Generation Partnership Project (3GPP)},
 month = {October},
 number = {R2-1912335},
 title = {{UE} {Power} {Consumption} {Reduction} in {RRM} {Measurement}},
 type = {{3GPP} {TSG}-{RAN} {WG2} {Meeting} 107-bis},
 year = {2019}
}

@misc{a-wear_enhancing_2022,
 author = {{A-WEAR}},
 note = {Publisher: Youtube},
 title = {Enhancing {Uplink} {Performance} of {NR} {RedCap} in {Industrial} {5G}/{B5G} {Systems}},
 year = {2022}
}

@article{abdel_hakeem_vision_2022,
 doi = {10.1016/j.jksuci.2022.03.019},
 issn = {1319-1578},
 journal = {Journal of King Saud University - Computer and Information Sciences},
 month = {March},
 title = {Vision and research directions of {6G} technologies and applications},
 year = {2022}
}

@inproceedings{abinader_system-level_2021,
 author = {Abinader, Fuad and Rom, Christian and Pedersen, Klaus and Hailu, Sofonias and Kolehmainen, Niko},
 booktitle = {2021 {IEEE} 93rd {Vehicular} {Technology} {Conference} ({VTC2021}-{Spring})},
 pages = {1--6},
 publisher = {IEEE},
 title = {System-level analysis of mmwave {5G} systems with different multi-panel antenna device models},
 year = {2021}
}

@inproceedings{accurso_exploring_2021,
 author = {Accurso, Nicholas and Mastronarde, Nicholas and Malandra, Filippo},
 booktitle = {2021 {IEEE} {Global} {Communications} {Conference} ({GLOBECOM})},
 doi = {10.1109/GLOBECOM46510.2021.9685313},
 month = {December},
 pages = {01--06},
 title = {Exploring {Tradeoffs} between {Energy} {Consumption} and {Network} {Performance} in {Cellular}-{IoT}: a {Survey}},
 year = {2021}
}

@inproceedings{accurso_exploring_2021-1,
 author = {Accurso, Nicholas and Mastronarde, Nicholas and Malandra, Filippo},
 booktitle = {2021 {IEEE} {Global} {Communications} {Conference} ({GLOBECOM})},
 doi = {10.1109/GLOBECOM46510.2021.9685313},
 month = {December},
 pages = {01--06},
 title = {Exploring {Tradeoffs} between {Energy} {Consumption} and {Network} {Performance} in {Cellular}-{IoT}: a {Survey}},
 year = {2021}
}

@inproceedings{benhiba_comparative_2018,
 author = {Benhiba, Badr Eddine and Madi, Abdessalam Ait and Addaim, Adnane},
 booktitle = {2018 {International} {Conference} on {Electronics}, {Control}, {Optimization} and {Computer} {Science} ({ICECOCS})},
 doi = {10.1109/ICECOCS.2018.8610508},
 month = {December},
 pages = {1--4},
 title = {Comparative {Study} of {The} {Various} new {Cellular} {IoT} {Technologies}},
 year = {2018}
}

@inproceedings{boisguene_survey_2017,
 booktitle = {2017 13th {International} {Wireless} {Communications} and {Mobile} {Computing} {Conference} ({IWCMC})},
 doi = {10.1109/IWCMC.2017.7986344},
 month = {June},
 note = {ISSN: 2376-6506},
 pages = {547--551},
 title = {A survey on {NB}-{IoT} downlink scheduling: {Issues} and potential solutions},
 year = {2017}
}

@inproceedings{boisguene_survey_2017-1,
 booktitle = {2017 13th {International} {Wireless} {Communications} and {Mobile} {Computing} {Conference} ({IWCMC})},
 doi = {10.1109/IWCMC.2017.7986344},
 month = {June},
 pages = {547--551},
 title = {A survey on {NB}-{IoT} downlink scheduling: {Issues} and potential solutions},
 year = {2017}
}

@article{chettri_comprehensive_2020_1,
 author = {Chettri, Lalit and Bera, Rabindranath},
 doi = {10.1109/JIOT.2019.2948888},
 journal = {IEEE Internet of Things Journal},
 month = {January},
 note = {Conference Name: IEEE Internet of Things Journal},
 number = {1},
 pages = {16--32},
 title = {A {Comprehensive} {Survey} on {Internet} of {Things} ({IoT}) {Toward} {5G} {Wireless} {Systems}},
 volume = {7},
 year = {2020}
}

@book{dahlman_5g_2020,
 author = {Dahlman, Erik and Parkvall, Stefan and Skold, Johan},
 publisher = {Academic Press},
 title = {{5G} {NR}: {The} next generation wireless access technology},
 year = {2020}
}

@book{dahlman_5g_2020-1,
 author = {Dahlman, Erik and Parkvall, Stefan and Skold, Johan},
 publisher = {Academic Press},
 title = {{5G} {NR}: {The} next generation wireless access technology},
 year = {2020}
}

@book{dahlman_5g_2020-2,
 author = {Dahlman, Erik and Parkvall, Stefan and Skold, Johan},
 publisher = {Academic Press},
 title = {{5G} {NR}: {The} next generation wireless access technology},
 year = {2020}
}

@inproceedings{damjancevic_flexible_2021,
 author = {Damjancevic, Stefan A. and Dasgupta, Samuel Ajay and Matus, Emil and Utyanksy, Dmitry and van der Wolf, Pieter and Fettweis, Gerhard P.},
 booktitle = {2021 {IEEE} {Workshop} on {Signal} {Processing} {Systems} ({SiPS})},
 doi = {10.1109/SiPS52927.2021.00011},
 month = {October},
 pages = {12--17},
 title = {Flexible {Channel} {Estimation} for {3GPP} {5G} {IoT} on a {Vector} {Digital} {Signal} {Processor}},
 year = {2021}
}

@inproceedings{damjancevic_flexible_2021-1,
 author = {Damjancevic, Stefan A. and Dasgupta, Samuel Ajay and Matus, Emil and Utyanksy, Dmitry and van der Wolf, Pieter and Fettweis, Gerhard P.},
 booktitle = {2021 {IEEE} {Workshop} on {Signal} {Processing} {Systems} ({SiPS})},
 doi = {10.1109/SiPS52927.2021.00011},
 month = {October},
 note = {ISSN: 2374-7390},
 pages = {12--17},
 title = {Flexible {Channel} {Estimation} for {3GPP} {5G} {IoT} on a {Vector} {Digital} {Signal} {Processor}},
 year = {2021}
}

@inproceedings{diaz-zayas_3gpp_2016,
 author = {Díaz-Zayas, Almudena and García-Pérez, Cesar A. and Recio-Pérez, Álvaro M. and Merino, Pedro},
 booktitle = {2016 {IEEE} {First} {International} {Conference} on {Internet}-of-{Things} {Design} and {Implementation} ({IoTDI})},
 doi = {10.1109/IoTDI.2015.26},
 month = {April},
 pages = {283--288},
 title = {{3GPP} {Standards} to {Deliver} {LTE} {Connectivity} for {IoT}},
 year = {2016}
}

@inproceedings{diaz-zayas_3gpp_2016-1,

 author = {Díaz-Zayas, Almudena and García-Pérez, Cesar A. and Recio-Pérez, Álvaro M. and Merino, Pedro},
 booktitle = {2016 {IEEE} {First} {International} {Conference} on {Internet}-of-{Things} {Design} and {Implementation} ({IoTDI})},
 doi = {10.1109/IoTDI.2015.26},
 month = {April},
 pages = {283--288},
 title = {{3GPP} {Standards} to {Deliver} {LTE} {Connectivity} for {IoT}},
 year = {2016}
}

@article{ding_iot_2020,
 author = {Ding, Jie and Nemati, Mahyar and Ranaweera, Chathurika and Choi, Jinho},
 doi = {10.1109/ACCESS.2020.2985932},
 journal = {IEEE Access},
 pages = {67646--67673},
 title = {{IoT} {Connectivity} {Technologies} and {Applications}: {A} {Survey}},
 volume = {8},
 year = {2020}
}

@inproceedings{esswie_power_2022,
 author = {Esswie, Ali A.},
 booktitle = {2022 {IEEE} {Wireless} {Communications} and {Networking} {Conference} ({WCNC})},
 doi = {10.1109/WCNC51071.2022.9771950},
 month = {April},
 pages = {66--71},
 title = {Power {Saving} {Techniques} in {3GPP} {5G} {New} {Radio}: {A} {Comprehensive} {Latency} and {Reliability} {Analysis}},
 year = {2022}
}

@inproceedings{guibene_survey_2015,
 author = {Guibene, Wael and Nolan, Keith E. and Kelly, Mark Y.},
 booktitle = {2015 {IEEE} {International} {Conference} on {Computer} and {Information} {Technology}; {Ubiquitous} {Computing} and {Communications}; {Dependable}, {Autonomic} and {Secure} {Computing}; {Pervasive} {Intelligence} and {Computing}},
 doi = {10.1109/CIT/IUCC/DASC/PICOM.2015.240},
 month = {October},
 pages = {1596--1599},
 title = {Survey on {Clean} {Slate} {Cellular}-{IoT} {Standard} {Proposals}},
 year = {2015}
}

@article{guo_enabling_2021_15,
 author = {Guo, Fengxian and Yu, F. Richard and Zhang, Heli and Li, Xi and Ji, Hong and Leung, Victor C. M.},
 doi = {10.1109/JIOT.2021.3063686},
 journal = {IEEE Internet of Things Journal},
 month = {August},
 number = {15},
 pages = {11891--11915},
 title = {Enabling {Massive} {IoT} {Toward} {6G}: {A} {Comprehensive} {Survey}},
 volume = {8},
 year = {2021}
}

@article{guo_enabling_nodate,
 author = {Guo, Fengxian and Yu, F Richard and Zhang, Heli and Li, Xi and Ji, Hong and Leung, Victor C M},
 pages = {26},
 title = {Enabling {Massive} {IoT} {Toward} {6G}: {A} {Comprehensive} {Survey}}
}

@book{herrero_fundamentals_2021,
 address = {Cham, Switzerland},
 author = {Herrero, Rolando},
 edition = {1st ed. 2022 édition},
 isbn = {978-3-030-70079-9},
 language = {en},
 publisher = {Springer Nature Switzerland AG},
 title = {Fundamentals of {Iot} {Communication} {Technologies}},
 year = {2021}
}

@inproceedings{hwang_survey_2019,
 author = {Hwang, Seung-Hoon and Liu, Shu-Zhi},
 booktitle = {2019 {IEEE} {VTS} {Asia} {Pacific} {Wireless} {Communications} {Symposium} ({APWCS})},
 doi = {10.1109/VTS-APWCS.2019.8851631},
 month = {August},
 pages = {1--5},
 title = {Survey on {3GPP} {Low} {Power} {Wide} {Area} {Technologies} and its {Application}},
 year = {2019}
}

@manual{itu-r_minimum_2017_M.2410-0,
 organization = {International Telecommunication Union (ITU)},
 month = {November},
 number = {M.2410-0},
 title = {Minimum requirements related to technical performance for {IMT}-2020 radio interface(s)},
 type = {Report},
 year = {2017}
}

@techreport{jeon_small_2021,
 author = {Jeon, Hyoungsuk},
 institution = {Ofinno},
 language = {en},
 month = {July},
 pages = {10},
 title = {Small {Data} {Transmission}: {PHY}/{MAC}},
 type = {White {Paper}},
 year = {2021}
}

@article{john_dian_wearables_2020,
 author = {John Dian, F. and Vahidnia, Reza and Rahmati, Alireza},
 doi = {10.1109/ACCESS.2020.2986329},
 journal = {IEEE Access},
 pages = {69200--69211},
 title = {Wearables and the {Internet} of {Things} ({IoT}), {Applications}, {Opportunities}, and {Challenges}: {A} {Survey}},
 volume = {8},
 year = {2020}
}

@inproceedings{khlass_efficient_2021,
 author = {Khlass, Ahlem and Laselva, Daniela},
 booktitle = {2021 {IEEE} 93rd {Vehicular} {Technology} {Conference} ({VTC2021}-{Spring})},
 doi = {10.1109/VTC2021-Spring51267.2021.9448945},
 month = {April},
 note = {ISSN: 2577-2465},
 pages = {1--7},
 title = {Efficient {Handling} of {Small} {Data} {Transmission} for {RRC} {Inactive} {UEs} in {5G} {Networks}},
 year = {2021}
}

@techreport{kuhlins_cellular_2020,
 author = {Kuhlins, Christian and Rathonyi, Bela and Zaidi, Ali and Hogan, Marie},
 institution = {Ericsson},
 language = {en},
 month = {January},
 title = {Cellular networks for {Massive} {IoT}},
 type = {White {Paper}},
 year = {2020}
}

@article{li_5g_2018,
 author = {Li, Shancang and Xu, Li Da and Zhao, Shanshan},
 doi = {10.1016/j.jii.2018.01.005},
 journal = {Journal of Industrial Information Integration},
 month = {June},
 pages = {1--9},
 title = {{5G} {Internet} of {Things}: {A} survey},
 volume = {10},
 year = {2018}
}

@inproceedings{li_radio_2022,
 author = {Li, Haojin and He, Qingqing and Zhang, Xuefei and Sun, Chen},
 booktitle = {2022 {IEEE} 4th {International} {Conference} on {Power}, {Intelligent} {Computing} and {Systems} ({ICPICS})},
 pages = {424--428},
 publisher = {IEEE},
 title = {Radio {Resource} {Management} {Measurement} {Relaxation} on {Reduced} {Capability} {New} {Radio} {Devices}},
 year = {2022}
}

@inproceedings{li_radio_2022-1,
 author = {Li, Haojin and He, Qingqing and Zhang, Xuefei and Sun, Chen},
 booktitle = {2022 {IEEE} 4th {International} {Conference} on {Power}, {Intelligent} {Computing} and {Systems} ({ICPICS})},
 doi = {10.1109/ICPICS55264.2022.9873773},
 month = {July},
 pages = {424--428},
 title = {Radio {Resource} {Management} {Measurement} {Relaxation} on {Reduced} {Capability} {New} {Radio} {Devices}},
 year = {2022}
}

@book{liberg_cellular_2019,
 author = {Liberg, Olof and Sundberg, Marten and Wang, Eric and Bergman, Johan and Sachs, Joachim and Wikström, Gustav},
 publisher = {Academic Press},
 title = {Cellular internet of things: from massive deployments to critical {5G} applications},
 year = {2019}
}

@book{liberg_cellular_2019-1,
 author = {Liberg, Olof and Sundberg, Marten and Wang, Eric and Bergman, Johan and Sachs, Joachim and Wikström, Gustav},
 publisher = {Academic Press},
 title = {Cellular internet of things: from massive deployments to critical {5G} applications},
 year = {2019}
}

@book{liberg_cellular_2019-2,
 author = {Liberg, Olof and Sundberg, Marten and Wang, Eric and Bergman, Johan and Sachs, Joachim and Wikström, Gustav},
 edition = {2nd edition},
 isbn = {978-0-08-102902-2},
 language = {English},
 month = {December},
 publisher = {Academic Press},
 shorttitle = {Cellular {Internet} of {Things}},
 title = {Cellular {Internet} of {Things}: {From} {Massive} {Deployments} to {Critical} {5G} {Applications}},
 year = {2019}
}

@book{lin_5g_2021,
 author = {Lin, Xingqin and Lee, Namyoon},
 publisher = {Springer},
 title = {{5G} and {Beyond}},
 year = {2021}
}

@book{lin_5g_2021-1,
 author = {Lin, Xingqin and Lee, Namyoon},
 publisher = {Springer},
 title = {{5G} and {Beyond}},
 year = {2021}
}

@article{lin_5g_2021-2_4,
 author = {Lin, Xingqin and Rommer, Stefan and Euler, Sebastian and Yavuz, Emre A. and Karlsson, Robert S.},
 doi = {10.1109/MCOMSTD.011.2100038},
 journal = {IEEE Communications Standards Magazine},
 language = {en},
 month = {December},
 number = {4},
 pages = {147--153},
 title = {{5G} from {Space}: {An} {Overview} of {3GPP} {Non}-{Terrestrial} {Networks}},
 volume = {5},
 year = {2021}
}

@article{lin_overview_nodate,
 author = {Lin, Xingqin},
 language = {en},
 pages = {8},
 title = {An {Overview} of {5G} {Advanced} {Evolution} in {3GPP} {Release} 18}
}

@article{mahmood_factory_2022,
 author = {Mahmood, Aamir and Abedin, Sarder Fakhrul and Sauter, Thilo and Gidlund, Mikael and Landernas, Krister},
 doi = {10.1109/MIE.2022.3149209},
 journal = {IEEE Industrial Electronics Magazine},
 pages = {2--12},
 title = {Factory {5G}: {A} {Review} of {Industry}-{Centric} {Features} and {Deployment} {Options}},
 year = {2022}
}

@article{migabo_narrowband_2020,
 author = {Migabo, Emmanuel M. and Djouani, Karim D. and Kurien, Anish M.},
 doi = {10.1109/ACCESS.2020.2995938},
 journal = {IEEE Access},
 pages = {97658--97675},
 title = {The {Narrowband} {Internet} of {Things} ({NB}-{IoT}) {Resources} {Management} {Performance} {State} of {Art}, {Challenges}, and {Opportunities}},
 volume = {8},
 year = {2020}
}

@article{moloudi_coverage_2021,
 author = {Moloudi, Saeedeh and Mozaffari, Mohammad and Veedu, Sandeep Narayanan Kadan and Kittichokechai, Kittipong and Wang, Y.-P. Eric and Bergman, Johan and Hoglund, Andreas},
 doi = {10.1109/ACCESS.2021.3066036},
 journal = {IEEE Access},
 language = {en},
 pages = {45055--45067},
 title = {Coverage {Evaluation} for {5G} {Reduced} {Capability} {New} {Radio} ({NR}-{RedCap})},
 volume = {9},
 year = {2021}
}

@article{moloudi_coverage_2021-1,
 author = {Moloudi, Saeedeh and Mozaffari, Mohammad and Veedu, Sandeep Narayanan Kadan and Kittichokechai, Kittipong and Wang, Y-P Eric and Bergman, Johan and Höglund, Andreas},
 journal = {IEEE Access},
 note = {Publisher: IEEE},
 pages = {45055--45067},
 title = {Coverage evaluation for {5G} reduced capability new radio ({NR}-{RedCap})},
 volume = {9},
 year = {2021}
}

@article{moloudi_coverage_2021-2,
 author = {Moloudi, Saeedeh and Mozaffari, Mohammad and Veedu, Sandeep Narayanan Kadan and Kittichokechai, Kittipong and Wang, Y-P Eric and Bergman, Johan and Höglund, Andreas},
 journal = {IEEE Access},
 note = {Publisher: IEEE},
 pages = {45055--45067},
 title = {Coverage evaluation for {5G} reduced capability new radio ({NR}-{RedCap})},
 volume = {9},
 year = {2021}
}

@article{moloudi_coverage_2021-3,
 author = {Moloudi, Saeedeh and Mozaffari, Mohammad and Veedu, Sandeep Narayanan Kadan and Kittichokechai, Kittipong and Wang, Y.-P. Eric and Bergman, Johan and Höglund, Andreas},
 doi = {10.1109/ACCESS.2021.3066036},
 journal = {IEEE Access},
 pages = {45055--45067},
 title = {Coverage {Evaluation} for {5G} {Reduced} {Capability} {New} {Radio} ({NR}-{RedCap})},
 volume = {9},
 year = {2021}
}

@article{moloudi_coverage_2021-4,
 author = {Moloudi, Saeedeh and Mozaffari, Mohammad and Veedu, Sandeep Narayanan Kadan and Kittichokechai, Kittipong and Wang, Y.-P. Eric and Bergman, Johan and Höglund, Andreas},
 doi = {10.1109/ACCESS.2021.3066036},
 issn = {2169-3536},
 journal = {IEEE Access},
 pages = {45055--45067},
 title = {Coverage {Evaluation} for {5G} {Reduced} {Capability} {New} {Radio} ({NR}-{RedCap})},
 volume = {9},
 year = {2021}
}

@misc{noauthor_3gpp_2021,
 journal = {RIMEDO Labs},
 language = {en-US},
 month = {December},
 title = {{3GPP} {Rel}-18: {5G}-{Advanced} {RAN} {Features}},
 year = {2021}
}

@misc{noauthor_3gpp_nodate,
 title = {{3GPP} work items for: {R2}},
 urldate = {2022-06-03}
}

@misc{noauthor_3gpp_nodate-1,
 title = {{3GPP} {Portal} {\textgreater} {Home}},
 urldate = {2022-12-09}
}

@techreport{noauthor_5g_2020,
 institution = {ZTE},
 language = {en},
 month = {November},
 title = {{5G} {Uplink} {Enhancement} {Technology}},
 type = {White {Paper}},
 year = {2020}
}



@techreport{noauthor_evaluation_2018,
 institution = {GSMA},
 language = {en},
 month = {June},
 title = {Evaluation of {LTE}-{M} towards {5G} {IoT} {Requirements}},
 type = {White {Paper}},
 year = {2018}
}

@techreport{noauthor_mobile_2018,
 institution = {GSMA},
 language = {en},
 month = {April},
 title = {Mobile {IoT} in the {5G} {Future}},
 type = {White {Paper}},
 year = {2018}
}



@misc{noauthor_toward_2021,
 month = {October},
 title = {Toward {5G} {Advanced}: overview of {3GPP} releases 17 \& 18},
 year = {2021}
}



@misc{pagin_can_2021,
 author = {Pagin, Matteo and Zugno, Tommaso and Giordani, Marco and Dufrene, Louis-Adrien and Lampin, Quentin and Zorzi, Michele},
 language = {en},
 month = {September},
 publisher = {arXiv},
 title = {Can {5G} {NR}-{Light} {Operate} at {Millimeter} {Waves}? {Design} {Guidelines} for {Mid}-{Market} {IoT} {Use} {Cases}},
 year = {2021}
}

@article{rahman_5g_2021_14,
 author = {Rahman, Imadur and Razavi, Sara Modarres and Liberg, Olof and Hoymann, Christian and Wiemann, Henning and Tidestav, Claes and Schliwa-Bertling, Paul and Persson, Patrik and Gerstenberger, Dirk},
 doi = {10.23919/ETR.2021.9904665},
 journal = {Ericsson Technology Review},
 month = {October},
 note = {Conference Name: Ericsson Technology Review},
 number = {14},
 pages = {2--12},
 title = {{5G} {Evolution} {Toward} {5G} {Advanced}: {An} overview of {3GPP} releases 17 and 18},
 volume = {2021},
 year = {2021}
}

@inproceedings{ratasuk_coexistence_2019,
 author = {Ratasuk, Rapeepat and Mangalvedhe, Nitin and Bhatoolaul, David},
 booktitle = {2019 {IEEE} 30th {Annual} {International} {Symposium} on {Personal}, {Indoor} and {Mobile} {Radio} {Communications} ({PIMRC})},
 doi = {10.1109/PIMRC.2019.8904267},
 month = {September},
 pages = {1--6},
 title = {Coexistence {Analysis} of {LTE} {eMTC} and {5G} {New} {Radio}},
 year = {2019}
}

@inproceedings{ratasuk_reduced_2021,
 author = {Ratasuk, Rapeepat and Mangalvedhe, Nitin and Lee, Gilsoo and Bhatoolaul, David},
 booktitle = {2021 {IEEE} 32nd {Annual} {International} {Symposium} on {Personal}, {Indoor} and {Mobile} {Radio} {Communications} ({PIMRC})},
 pages = {1339--1344},
 publisher = {IEEE},
 title = {Reduced {Capability} {Devices} for {5G} {IoT}},
 year = {2021}
}

@inproceedings{ratasuk_reduced_2021-1,
 author = {Ratasuk, Rapeepat and Mangalvedhe, Nitin and Lee, Gilsoo and Bhatoolaul, David},
 booktitle = {2021 {IEEE} 32nd {Annual} {International} {Symposium} on {Personal}, {Indoor} and {Mobile} {Radio} {Communications} ({PIMRC})},
 doi = {10.1109/PIMRC50174.2021.9569595},
 month = {September},
 pages = {1339--1344},
 title = {Reduced {Capability} {Devices} for {5G} {IoT}},
 year = {2021}
}

@inproceedings{ratasuk_reduced_2021-2,
 author = {Ratasuk, Rapeepat and Mangalvedhe, Nitin and Lee, Gilsoo and Bhatoolaul, David},
 booktitle = {2021 {IEEE} 32nd {Annual} {International} {Symposium} on {Personal}, {Indoor} and {Mobile} {Radio} {Communications} ({PIMRC})},
 doi = {10.1109/PIMRC50174.2021.9569595},
 month = {September},
 pages = {1339--1344},
 title = {Reduced {Capability} {Devices} for {5G} {IoT}},
 year = {2021}
}

@book{rolando_herrero_fundamentals_2021,
 author = {{Rolando Herrero}},
 language = {en},
 month = {June},
 note = {Google-Books-ID: Ibk0EAAAQBAJ},
 publisher = {Springer Nature},
 title = {Fundamentals of {IoT} {Communication} {Technologies}},
 year = {2021}
}

@article{saafi_cellular_2021-1_7,
 doi = {10.1109/MCOM.001.2000988},
 journal = {IEEE Communications Magazine},
 month = {July},
 number = {7},
 pages = {61--67},
 title = {Cellular {Connectivity} and {Wearable} {Technology} {Enablers} for {Industrial} {Mid}-{End} {Applications}},
 volume = {59},
 year = {2021}
}

@article{saafi_cellular_2021_7,
 author = {Saafi, Salwa and Fodor, Gabor and Hosek, Jiri and Andreev, Sergey},
 journal = {IEEE Communications Magazine},
 note = {Publisher: IEEE},
 number = {7},
 pages = {61--67},
 title = {Cellular connectivity and wearable technology enablers for industrial mid-end applications},
 volume = {59},
 year = {2021}
}

@inproceedings{saafi_enhancing_2022,
 author = {Saafi, Salwa and Vikhrova, Olga and Andreev, Sergey and Hosek, Jiri},
 booktitle = {2022 {IEEE} {International} {Conference} on {Communications} {Workshops} ({ICC} {Workshops})},
 pages = {520--525},
 publisher = {IEEE},
 title = {Enhancing {Uplink} {Performance} of {NR} {RedCap} in {Industrial} {5G}/{B5G} {Systems}},
 year = {2022}
}

@inproceedings{saafi_enhancing_2022-1,
 booktitle = {2022 {IEEE} {International} {Conference} on {Communications} {Workshops} ({ICC} {Workshops})},
 doi = {10.1109/ICCWorkshops53468.2022.9814497},
 month = {May},
 pages = {520--525},
 title = {Enhancing {Uplink} {Performance} of {NR} {RedCap} in {Industrial} {5G}/{B5G} {Systems}},
 year = {2022}
}

@techreport{sandeep_narayanan_kadan_veedu_redcap_2023,
 author = {{Sandeep Narayanan Kadan Veedu} and Mozaffari, Mohammad and Höglund, Andreas and Thangarasa, Santhan and Yavuz, Emre A. and Bergman, Johan},
 institution = {Ericsson},
 language = {en},
 month = {February},
 title = {{RedCap} - expanding the {5G} device ecosystem for consumers and industries},
 type = {White {Paper}},
 year = {2023}
}

@inproceedings{tayyab_energy_2022,
 author = {Tayyab, Muhammad and Kolehmainen, Niko and Butt, M. Majid and Khlass, Ahlem and Ratasuk, Rapeepat},
 booktitle = {{GLOBECOM} 2022 - 2022 {IEEE} {Global} {Communications} {Conference}},
 doi = {10.1109/GLOBECOM48099.2022.10000873},
 month = {December},
 pages = {99--104},
 title = {Energy {Efficient} {RRM} {Relaxation} for {Reduced} {Capability} {UEs} in {5G} {Networks}},
 year = {2022}
}

@inproceedings{tayyab_energy_2022-1,
 author = {Tayyab, Muhammad and Kolehmainen, Niko and Butt, M. Majid and Khlass, Ahlem and Ratasuk, Rapeepat},
 booktitle = {{GLOBECOM} 2022 - 2022 {IEEE} {Global} {Communications} {Conference}},
 doi = {10.1109/GLOBECOM48099.2022.10000873},
 month = {December},
 pages = {99--104},
 title = {Energy {Efficient} {RRM} {Relaxation} for {Reduced} {Capability} {UEs} in {5G} {Networks}},
 year = {2022}
}

@inproceedings{tayyab_rrm_2021,
 author = {Tayyab, Muhammad and Sofonias, Hailu and Jarvela, Rauli and Kolehmanen, Niko and Gürsu, Halit Murat},
 booktitle = {2021 17th {International} {Symposium} on {Wireless} {Communication} {Systems} ({ISWCS})},
 pages = {1--6},
 publisher = {IEEE},
 title = {{RRM} relaxation in connected state for reduced capability ({RedCap}) {NR} {UEs}},
 year = {2021}
}

@inproceedings{tayyab_rrm_2021-1,
 booktitle = {2021 17th {International} {Symposium} on {Wireless} {Communication} {Systems} ({ISWCS})},
 doi = {10.1109/ISWCS49558.2021.9562143},
 month = {September},
 note = {ISSN: 2154-0225},
 pages = {1--6},
 title = {{RRM} {Relaxation} in {Connected} {State} for {Reduced} {Capability} ({RedCap}) {NR} {UEs}},
 year = {2021}
}

@book{tsiatsis_machine--machine_2014,
 author = {Tsiatsis, Vlasios and Karnouskos, Stamatis and Holler, Jan and Boyle, David and Mulligan, Catherine},
 isbn = {978-0-12-407684-6},
 language = {en},
 month = {April},
 publisher = {Elsevier Science},
 title = {From {Machine}-to-{Machine} to the {Internet} of {Things}: {Introduction} to a {New} {Age} of {Intelligence}},
 year = {2014}
}

@article{vaezi_cellular_2022_2,
 author = {Vaezi, Mojtaba and Azari, Amin and Khosravirad, Saeed R. and Shirvanimoghaddam, Mahyar and Azari, M. Mahdi and Chasaki, Danai and Popovski, Petar},
 doi = {10.1109/COMST.2022.3151028},
 issn = {1553-877X},
 journal = {IEEE Communications Surveys \& Tutorials},
 number = {2},
 pages = {1117--1174},
 title = {Cellular, {Wide}-{Area}, and {Non}-{Terrestrial} {IoT}: {A} {Survey} on {5G} {Advances} and the {Road} {Toward} {6G}},
 volume = {24},
 year = {2022}
}

@article{varsier_5g_2021-1_4,
 author = {Varsier, Nadège and Dufrène, Louis-Adrien and Dumay, Marion and Lampin, Quentin and Schwoerer, Jean},
 doi = {10.1109/MCOM.001.2000660},
 journal = {IEEE Communications Magazine},
 month = {April},
 note = {Conference Name: IEEE Communications Magazine},
 number = {4},
 pages = {82--87},
 title = {A {5G} {New} {Radio} for {Balanced} and {Mixed} {IoT} {Use} {Cases}: {Challenges} and {Key} {Enablers} in {FR1} {Band}},
 volume = {59},
 year = {2021}
}

@article{varsier_5g_2021_4,
 author = {Varsier, Nadège and Dufrène, Louis-Adrien and Dumay, Marion and Lampin, Quentin and Schwoerer, Jean},
 journal = {IEEE Communications Magazine},
 note = {Publisher: IEEE},
 number = {4},
 pages = {82--87},
 title = {A {5G} {New} {Radio} for {Balanced} and {Mixed} {IoT} {Use} {Cases}: {Challenges} and {Key} {Enablers} in {FR1} {Band}},
 volume = {59},
 year = {2021}
}

@article{veedu_toward_2022-1,
 author = {Veedu, Sandeep Narayanan Kadan and Mozaffari, Mohammad and Hoglund, Andreas and Yavuz, Emre A and Tirronen, Tuomas and Bergman, Johan and Wang, Y-P Eric},
 journal = {arXiv preprint arXiv:2203.05634},
 title = {Toward {Smaller} and {Lower}-{Cost} {5G} {Devices} with {Longer} {Battery} {Life}: {An} {Overview} of {3GPP} {Release} 17 {RedCap}},
 year = {2022}
}

@article{veedu_toward_2022-2,
 author = {Veedu, Sandeep Narayanan Kadan and Mozaffari, Mohammad and Hoglund, Andreas and Yavuz, Emre A and Tirronen, Tuomas and Bergman, Johan and Wang, Y-P Eric},
 journal = {arXiv preprint arXiv:2203.05634},
 title = {Toward {Smaller} and {Lower}-{Cost} {5G} {Devices} with {Longer} {Battery} {Life}: {An} {Overview} of {3GPP} {Release} 17 {RedCap}},
 year = {2022}
}

@article{veedu_toward_2022-3_3,
 author = {Veedu, Sandeep Narayanan Kadan and Mozaffari, Mohammad and Höglund, Andreas and Yavuz, Emre A. and Tirronen, Tuomas and Bergman, Johan and Wang, Y.-P. Eric},
 doi = {10.1109/MCOMSTD.0001.2200029},
 issn = {2471-2833},
 journal = {IEEE Communications Standards Magazine},
 month = {September},
 number = {3},
 pages = {84--90},
 title = {Toward {Smaller} and {Lower}-{Cost} {5G} {Devices} with {Longer} {Battery} {Life}: {An} {Overview} of {3GPP} {Release} 17 {RedCap}},
 volume = {6},
 year = {2022}
}

@article{veedu_toward_2022-4_3,
 author = {Veedu, Sandeep Narayanan Kadan and Mozaffari, Mohammad and Höglund, Andreas and Yavuz, Emre A. and Tirronen, Tuomas and Bergman, Johan and Wang, Y.-P. Eric},
 doi = {10.1109/MCOMSTD.0001.2200029},
 issn = {2471-2833},
 journal = {IEEE Communications Standards Magazine},
 month = {September},
 number = {3},
 pages = {84--90},
 title = {Toward {Smaller} and {Lower}-{Cost} {5G} {Devices} with {Longer} {Battery} {Life}: {An} {Overview} of {3GPP} {Release} 17 {RedCap}},
 volume = {6},
 year = {2022}
}

@article{veedu_toward_2022_arXiv:2203.05634,
 author = {Veedu, Sandeep Narayanan Kadan and Mozaffari, Mohammad and Hoglund, Andreas and Yavuz, Emre A. and Tirronen, Tuomas and Bergman, Johan and Wang, Y.-P. Eric},
 doi = {10.48550/arXiv.2203.05634},
 month = {March},
 shorttitle = {Toward {Smaller} and {Lower}-{Cost} {5G} {Devices} with {Longer} {Battery} {Life}},
 title = {Toward {Smaller} and {Lower}-{Cost} {5G} {Devices} with {Longer} {Battery} {Life}: {An} {Overview} of {3GPP} {Release} 17 {RedCap}},
 year = {2022}
}

@inproceedings{wang_information_2021,
 author = {Wang, Zihan and Ugulino, Wallace and Moreira, João Luiz Rebelo},
 booktitle = {2021 {IEEE} 25th {International} {Enterprise} {Distributed} {Object} {Computing} {Workshop} ({EDOCW})},
 doi = {10.1109/EDOCW52865.2021.00052},
 month = {October},
 pages = {216--225},
 title = {An information security diagnostic of {Electronic} {Data} {Capture} {Systems} for the {Personal} {Health} {Train}},
 year = {2021}
}

@article{wang_survey_2017_4,
 author = {Wang, Hai and Fapojuwo, Abraham O.},
 doi = {10.1109/COMST.2017.2721379},
 issn = {1553-877X},
 journal = {IEEE Communications Surveys \& Tutorials},
 number = {4},
 pages = {2621--2639},
 title = {A {Survey} of {Enabling} {Technologies} of {Low} {Power} and {Long} {Range} {Machine}-to-{Machine} {Communications}},
 volume = {19},
 year = {2017}
}

@article{xu_narrowband_2018-1_3,
 author = {Xu, Jun and Yao, Junmei and Wang, Lu and Ming, Zhong and Wu, Kaishun and Chen, Lei},
 doi = {10.1109/JIOT.2017.2783374},
 issn = {2327-4662},
 journal = {IEEE Internet of Things Journal},
 month = {June},
 number = {3},
 pages = {1449--1462},
 title = {Narrowband {Internet} of {Things}: {Evolutions}, {Technologies}, and {Open} {Issues}},
 volume = {5},
 year = {2018}
}

@article{xu_narrowband_2018_3,
 author = {Xu, Jun and Yao, Junmei and Wang, Lu and Ming, Zhong and Wu, Kaishun and Chen, Lei},
 doi = {10.1109/JIOT.2017.2783374},
 issn = {2327-4662},
 journal = {IEEE Internet of Things Journal},
 month = {June},
 note = {Conference Name: IEEE Internet of Things Journal},
 number = {3},
 pages = {1449--1462},
 title = {Narrowband {Internet} of {Things}: {Evolutions}, {Technologies}, and {Open} {Issues}},
 volume = {5},
 year = {2018}
}

@techreport{zaidi_cellular_2019,
 author = {Zaidi, Ali and Hussain, Yasir and Hogan, Marie and Kuhlins, Christian},
 institution = {Ericsson},
 language = {en},
 month = {January},
 title = {Cellular {IoT} {Evolution} for {Industry} {Digitalization}},
 type = {White {Paper}},
 year = {2019}
}

@techreport{zaidi_cellular_2020,
 author = {Zaidi, Ali and Bränneby, Andres and Nazari, Ala and Hogan, Marie and Kuhlins, Christian},
 institution = {Ericsson},
 language = {en},
 month = {February},
 title = {Cellular {IoT} in the {5G} era},
 type = {White {Paper}},
 year = {2020}
}

@article{zhou_analyzing_2022_4,
 author = {Zhou, Hui and Deng, Yansha and Feltrin, Luca and Höglund, Andreas},
 doi = {10.1109/TCOMM.2022.3150787},
 issn = {0090-6778, 1558-0857},
 journal = {IEEE Transactions on Communications},
 keywords = {Electrical Engineering and Systems Science - Systems and Control},
 month = {April},
 number = {4},
 pages = {2805--2819},
 title = {Analyzing {Novel} {Grant}-{Based} and {Grant}-{Free} {Access} {Schemes} for {Small} {Data} {Transmission}},
 volume = {70},
 year = {2022}
}


@misc{transforma_insights_current_nodate,
	title = {Current {IoT} {Forecast} {Highlights} - {Transforma} {Insights}},
	author = {{Transforma Insights}},
}



@article{beyene_nb-iot_2017,
	title = {{NB}-{IoT} {Technology} {Overview} and {Experience} from {Cloud}-{RAN} {Implementation}},
	volume = {24},
	issn = {1558-0687},
	doi = {10.1109/MWC.2017.1600418},
	abstract = {The 3GPP has introduced a new narrowband radio technology called narrowband Internet of Things (NB-IoT) in Release 13. NB-IoT was designed to support very low power consumption and low-cost devices in extreme coverage conditions. NB-IoT operates in very small bandwidth and will provide connectivity to a large number of low-data-rate devices. This article highlights some of the key features introduced in NB-IoT and presents performance results from real-life experiments. The experiments were carried out using an early-standard-compliant prototype based on a software defined radio partial implementation of NB-IoT that runs on a desktop computer connected to the network. It is found that a cloud radio access network is a good candidate for NB-IoT implementation.},
	number = {3},
	journal = {IEEE Wireless Communications},
	author = {Beyene, Yihenew Dagne and Jantti, Riku and Tirkkonen, Olav and Ruttik, Kalle and Iraji, Sassan and Larmo, Anna and Tirronen, Tuomas and Torsner and {Johan}},
	month = jun,
	year = {2017},
	note = {Conference Name: IEEE Wireless Communications},
	keywords = {3GPP, Bandwidth, Cloud computing, Downlink, Energy consumption, GSM, Internet of Things, Long Term Evolution, Narrowband, Physical layer, Uplink},
	pages = {26--32},
}

@article{akpakwu2017survey,
  title={A survey on 5G networks for the Internet of Things: Communication technologies and challenges},
  author={Akpakwu, Godfrey Anuga and Silva, Bruno J and Hancke, Gerhard P and Abu-Mahfouz, Adnan M},
  journal={IEEE access},
  volume={6},
  pages={3619--3647},
  year={2017},
  publisher={IEEE}
}
@article{ayoub2018internet,
  title={Internet of mobile things: Overview of lorawan, dash7, and nb-iot in lpwans standards and supported mobility},
  author={Ayoub, Wael and Samhat, Abed Ellatif and Nouvel, Fabienne and Mroue, Mohamad and Pr{\'e}votet, Jean-Christophe},
  journal={IEEE Communications Surveys \& Tutorials},
  volume={21},
  number={2},
  pages={1561--1581},
  year={2018},
  publisher={IEEE}
}
@article{adelantado2017understanding,
  title={Understanding the limits of LoRaWAN},
  author={Adelantado, Ferran and Vilajosana, Xavier and Tuset-Peiro, Pere and Martinez, Borja and Melia-Segui, Joan and Watteyne, Thomas},
  journal={IEEE Communications magazine},
  volume={55},
  number={9},
  pages={34--40},
  year={2017},
  publisher={IEEE}
}
@article{haxhibeqiri2018survey,
  title={A survey of LoRaWAN for IoT: From technology to application},
  author={Haxhibeqiri, Jetmir and De Poorter, Eli and Moerman, Ingrid and Hoebeke, Jeroen},
  journal={Sensors},
  volume={18},
  number={11},
  pages={3995},
  year={2018},
  publisher={Mdpi}
}
@misc{noauthor_lorawan_nodate,
	title = {{LoRaWAN} {Architecture}},
	url = {https://www.thethingsnetwork.org/docs/lorawan/architecture/},
	abstract = {We are building a global open free crowdsourced long range low power IoT data network},
	language = {en-us},
	urldate = {2023-06-12},
	journal = {The Things Network},
	file = {Snapshot:C\:\\Users\\saeed\\Zotero\\storage\\FTHDWZS7\\architecture.html:text/html},
}

@techreport{LoRaWAN_spec,
 institution= {LoRa Alliance},
 author={Sornin, Nicolas and Luis, Miguel and Eirich, Thomas and Kramp, Thorsten and Hersent, Olivier},
 month = {January},
 number = {V1.0},
 title = {LoRaWAN™ Specification},
 type = {Technical Specification},
 year = {2015}
}

@techreport{LoRaWAN_semtech,
 institution= {Semtech Corporation},
 month = {Decembre},
 title = {LoRa® and LoRaWAN®: A Technical Overview},
 year = {2019}
}



@patent{sforza_communications_2013,
	title = {Communications system},
	url = {https://patents.google.com/patent/US8406275B2/en},
	nationality = {US},
	language = {en},
	assignee = {Nanoscale Labs},
	number = {US8406275B2},
	urldate = {2023-06-12},
	author = {Sforza, Francois},
	month = mar,
	year = {2013},
	keywords = {chirp, chirp signal, communications system, frequency, signal},
	file = {Full Text PDF:C\:\\Users\\saeed\\Zotero\\storage\\DKDQSXN7\\Sforza - 2013 - Communications system.pdf:application/pdf},
}


@patent{seller_low_2016,
	title = {Low power long range transmitter},
	url = {https://patents.google.com/patent/US9252834B2/en/und},
	nationality = {US},
	language = {en},
	assignee = {Semtech Corp},
	number = {US9252834B2},
	urldate = {2023-06-12},
	author = {SELLER, Olivier B. A. and Sornin, Nicolas},
	month = feb,
	year = {2016},
	keywords = {bits, chirps, modulated, symbols, transmitter},
	file = {Full Text PDF:C\:\\Users\\saeed\\Zotero\\storage\\ZTSM664U\\SELLER and Sornin - 2016 - Low power long range transmitter.pdf:application/pdf},
}

@article{vangelista2017frequency,
  title={Frequency shift chirp modulation: The LoRa modulation},
  author={Vangelista, Lorenzo},
  journal={IEEE signal processing letters},
  volume={24},
  number={12},
  pages={1818--1821},
  year={2017},
  publisher={IEEE}
}


@techreport{ITU-T-Y.4480,
 institution= {ITU Telecommunication Standardization Sector (ITU-T)},
 month = {November},
number = {Y.4480},
 title = {Low power protocol for wide area wireless networks},
 type = {Recommendation},
 year = {2021}
}

@article{mekki2019comparative,
  title={A comparative study of LPWAN technologies for large-scale IoT deployment},
  author={Mekki, Kais and Bajic, Eddy and Chaxel, Frederic and Meyer, Fernand},
  journal={ICT express},
  volume={5},
  number={1},
  pages={1--7},
  year={2019},
  publisher={Elsevier}
}

@inproceedings{kalfus2016ultra,
  title={Ultra narrow band radio technology in high-density built-up areas},
  author={Kalfus, Radim and H{\'e}gr, Tom{\'a}{\v{s}}},
  booktitle={Information and Software Technologies: 22nd International Conference, ICIST 2016, Druskininkai, Lithuania, October 13-15, 2016, Proceedings 22},
  pages={663--676},
  year={2016},
  organization={Springer}
}

@article{augustin2016study,
  title={A study of LoRa: Long range \& low power networks for the internet of things},
  author={Augustin, Alo{\"y}s and Yi, Jiazi and Clausen, Thomas and Townsley, William Mark},
  journal={Sensors},
  volume={16},
  number={9},
  pages={1466},
  year={2016},
  publisher={MDPI}
}

@article{raza2017low,
  title={Low power wide area networks: An overview},
  author={Raza, Usman and Kulkarni, Parag and Sooriyabandara, Mahesh},
  journal={ieee communications surveys \& tutorials},
  volume={19},
  number={2},
  pages={855--873},
  year={2017},
  publisher={IEEE}
}

@patent{vertesMethodTransmittingUseful2017,
  title = {Method for Transmitting Useful Information between Two Terminals and Method for Generating an Association Table Used in the Context of the Transmission},
  author = {Vertes, Marc and Artigue, Cedric and Chalbos, Nicolas},
  year = {2017},
  month = jan,
  number = {US9544077B2},
  urldate = {2023-06-14},
  assignee = {Sigfox SA},
  langid = {english},
  nationality = {US},
  keywords = {control information,frame synchronization,raw,word,words},
  file = {C:\Users\saeed\Zotero\storage\BF33DJ6E\Vertes et al. - 2017 - Method for transmitting useful information between.pdf}
}


@misc{noauthor_what_nodate,
	title = {What is {Sigfox}?},
	url = {https://www.sigfox.com/what-is-sigfox/},
	abstract = {What is Sigfox 0G Technology ABOUT THE 0G TECHNOLOGY Sigfox 0G technology Device Library is Open},
	language = {en-US},
	urldate = {2023-06-14},
	journal = {Sigfox 0G Technology},
	file = {Snapshot:C\:\\Users\\saeed\\Zotero\\storage\\W2XWNF92\\what-is-sigfox.html:text/html},
}


@misc{grignon_unabiz_2022,
	title = {{UnaBiz} appointed as new owner of {Sigfox} {SA} \& {Sigfox} {France} {SAS}},
	url = {https://www.unabiz.com/unabiz-appointed-new-owner-sigfox-sa-sigfox-and-france-sas/},
	abstract = {The Commercial Court of Toulouse announced today April 21st the appointment of UnaBiz as the new owner of Sigfox.},
	language = {en-GB},
	urldate = {2023-06-14},
	journal = {UnaBiz},
	author = {Grignon, Clemence},
	month = apr,
	year = {2022},
	file = {Snapshot:C\:\\Users\\saeed\\Zotero\\storage\\C78YVFVV\\unabiz-appointed-new-owner-sigfox-sa-sigfox-and-france-sas.html:text/html},
}
@inproceedings{margelis2015low,
  title={Low throughput networks for the IoT: Lessons learned from industrial implementations},
  author={Margelis, George and Piechocki, Robert and Kaleshi, Dritan and Thomas, Paul},
  booktitle={2015 IEEE 2nd world forum on internet of things (WF-IoT)},
  pages={181--186},
  year={2015},
  organization={IEEE}
}

@inproceedings{do2014interference,
  title={Interference modelling and analysis of random FDMA scheme in ultra narrowband networks},
  author={Do, Minh-Tien and Goursaud, Claire and Gorce, Jean-Marie},
  booktitle={AICT 2014},
  year={2014}
}

@article{ogbodo2022survey,
  title={A Survey on 5G and LPWAN-IoT for improved smart cities and remote area applications: From the aspect of architecture and security},
  author={Ogbodo, Emmanuel Utochukwu and Abu-Mahfouz, Adnan M and Kurien, Anish M},
  journal={Sensors},
  volume={22},
  number={16},
  pages={6313},
  year={2022},
  publisher={MDPI}
}
@misc{noauthor_how_nodate,
	title = {How wireless will evolve for utilities over the next five years},
	url = {https://www.ericsson.com/en/blog/2022/2/how-wireless-will-evolve-for-utilities},
	abstract = {Insights on the move to 5G and best of breed approach between 3GPP \& IEEE technologies for utilities.},
	language = {en},
	urldate = {2023-06-16},
	file = {Snapshot:C\:\\Users\\saeed\\Zotero\\storage\\5SXFMV5Y\\how-wireless-will-evolve-for-utilities.html:text/html},
}

@techreport{TR_45.820,
 organization = {3rd Generation Partnership Project (3GPP)},
 month = {November},
 number = {TR 45.820 },
 title = {Cellular system support for ultra-low complexity and
 low throughput Internet of Things (CIoT)},
 type = {Technical Report},
 year = {2015}
}

@techreport{TR_36.888,
 organization = {3rd Generation Partnership Project (3GPP)},
 month = {March},
 number = {TR 36.888 },
 title = {Study on provision of low-cost Machine-Type Communications (MTC) User Equipments (UEs) based on LTE},
 type = {Technical Report},
 year = {2013}
}

@inproceedings{poursafar2017long,
  title={Long-range wireless technologies for IoT applications: A review},
  author={Poursafar, Noushin and Alahi, Md Eshrat E and Mukhopadhyay, Subhas},
  booktitle={2017 Eleventh International Conference on Sensing Technology (ICST)},
  pages={1--6},
  year={2017},
  organization={IEEE}
}

@inproceedings{ratasuk2014narrowband,
  title={Narrowband LTE-M system for M2M communication},
  author={Ratasuk, Rapeepat and Mangalvedhe, Nitin and Ghosh, Amitava and Vejlgaard, Benny},
  booktitle={2014 IEEE 80th vehicular technology conference (VTC2014-Fall)},
  pages={1--5},
  year={2014},
  organization={IEEE}
}

@techreport{TR_22.868,
 organization = {3rd Generation Partnership Project (3GPP)},
 month = {March},
 number = {TR 22.868 },
 title = {Study on Facilitating Machine to Machine Communication in 3GPP Systems},
 type = {Technical Report},
 year = {2007}
}
@article{foubert2020long,
  title={Long-range wireless radio technologies: A survey},
  author={Foubert, Brandon and Mitton, Nathalie},
  journal={Future internet},
  volume={12},
  number={1},
  pages={13},
  year={2020},
  publisher={MDPI}
}

@article{chaudhari2020lpwan,
  title={LPWAN technologies: Emerging application characteristics, requirements, and design considerations},
  author={Chaudhari, Bharat S and Zennaro, Marco and Borkar, Suresh},
  journal={Future Internet},
  volume={12},
  number={3},
  pages={46},
  year={2020},
  publisher={MDPI}
}


@misc{noauthor_mobile_nodate,
	title = {Mobile {IoT} {Deployment} {Map}},
	url = {https://www.gsma.com/iot/deployment-map/},
	abstract = {This map illustrates the Mobile IoT commercial launches to-date. For a summary list of launches, please visit Mobile IoT Commercial Launches. Select the country and scroll down for details. Find out more: For any enquiries, please email GSMA IoT Marketing. Last Edit: May 2023},
	language = {en-US},
	urldate = {2023-06-21},
	journal = {Internet of Things},
	file = {Snapshot:C\:\\Users\\saeed\\Zotero\\storage\\RQESIU3V\\deployment-map.html:text/html},
}


@misc{noauthor_complete_2019,
	title = {A {Complete} {Overview} of {2G} \& {3G} {Sunsets} — {1oT} - {Global} {Cellular} {Connectivity} for {IoT}},
	url = {https://1ot.mobi/resources/blog/a-complete-overview-of-2g-3g-sunsets},
	abstract = {Overview of 2G and 3G sunsets around the world. Telecom companies are shutting down their networks to free up resources for 5G rollout.},
	language = {en},
	urldate = {2023-06-21},
	journal = {1oT - Global Cellular Connectivity for IoT},
	month = aug,
	year = {2019},
	file = {Snapshot:C\:\\Users\\saeed\\Zotero\\storage\\FLXXXNMX\\a-complete-overview-of-2g-3g-sunsets.html:text/html},
}

@inproceedings{ratasuk2014narrowband,
  title={Narrowband LTE-M system for M2M communication},
  author={Ratasuk, Rapeepat and Mangalvedhe, Nitin and Ghosh, Amitava and Vejlgaard, Benny},
  booktitle={2014 IEEE 80th vehicular technology conference (VTC2014-Fall)},
  pages={1--5},
  year={2014},
  organization={IEEE}
}

@techreport{GSM_white_2018,
 institution = {GSMA},
 language = {en},
 month = {March},
 pages = {20},
 title = {Evaluation of LTE-M towards 5G IoT Requirements},
 type = {White {Paper}},
 year = {2018}
}
@article{sharma2019toward,
  title={Toward massive machine type communications in ultra-dense cellular IoT networks: Current issues and machine learning-assisted solutions},
  author={Sharma, Shree Krishna and Wang, Xianbin},
  journal={IEEE Communications Surveys \& Tutorials},
  volume={22},
  number={1},
  pages={426--471},
  year={2019},
  publisher={IEEE}
}


@article{rico2016overview,
  title={An overview of 3GPP enhancements on machine to machine communications},
  author={Rico-Alvarino, Alberto and Vajapeyam, Madhavan and Xu, Hao and Wang, Xiaofeng and Blankenship, Yufei and Bergman, Johan and Tirronen, Tuomas and Yavuz, Emre},
  journal={IEEE Communications Magazine},
  volume={54},
  number={6},
  pages={14--21},
  year={2016},
  publisher={IEEE}
}

@article{chen2017narrow,
  title={Narrow band internet of things},
  author={Chen, Min and Miao, Yiming and Hao, Yixue and Hwang, Kai},
  journal={IEEE access},
  volume={5},
  pages={20557--20577},
  year={2017},
  publisher={IEEE}
}

@article{wang2017primer,
  title={A primer on 3GPP narrowband Internet of Things},
  author={Wang, Y-P Eric and Lin, Xingqin and Adhikary, Ansuman and Grovlen, Asbjorn and Sui, Yutao and Blankenship, Yufei and Bergman, Johan and Razaghi, Hazhir S},
  journal={IEEE communications magazine},
  volume={55},
  number={3},
  pages={117--123},
  year={2017},
  publisher={IEEE}
}

@inproceedings{guo2022study,
  title={Study on Key Characteristics and Standardization Evolution for NR RedCap UE},
  author={Guo, Jing and Li, Nanxi and Zhu, Jianchi and She, Xiaoming and Chen, Peng},
  booktitle={2022 IEEE 8th International Conference on Computer and Communications (ICCC)},
  pages={268--273},
  year={2022},
  organization={IEEE}
}
@inproceedings{li2023research,
  title={Research on 5G RedCap Standard and Key Technologies},
  author={Li, Xiao and Xu, Xiaohang and Hu, Chunlei},
  booktitle={2023 4th Information Communication Technologies Conference (ICTC)},
  pages={6--9},
  year={2023},
  organization={IEEE}
}

@techreport{TS_36.321,
 organization = {3rd Generation Partnership Project (3GPP)},
 month = {April},
 number = {TS 36.321},
 note   = "version 17.4.0",
 title = {LTE;
Evolved Universal Terrestrial Radio Access (E-UTRA);
Medium Access Control (MAC) protocol specification },
 type = {Technical Specification},
 year = {2023}
}

@techreport{TS_36.304,
 organization = {3rd Generation Partnership Project (3GPP)},
 month = {March},
 number = {TS 36.304},
 note   = "version 17.4.0",
 title = {LTE; Evolved Universal Terrestrial Radio Access (E-UTRA); User Equipment (UE) procedures in idle mode},
 type = {Technical Specification},
 year = {2007}
}

@techreport{TS_38.321,
 organization = {3rd Generation Partnership Project (3GPP)},
 month = {October},
 number = {TS 38.321},
 note   = "version 17.2.0",
 title = {5G;
NR;
Medium Access Control (MAC) protocol specification},
 type = {Technical Specification},
 year = {2022}
}
@article{kumar2021analytical,
  title={Analytical modeling for signaling-based DRX in 5G communication},
  author={Kumar Maheshwari, Mukesh and Agiwal, Mamta and Rashid Masud, Aurangzeb},
  journal={Transactions on Emerging Telecommunications Technologies},
  volume={32},
  number={1},
  pages={e4125},
  year={2021},
  publisher={Wiley Online Library}
}

@inproceedings{weng2018efficient,
  title={Efficient beam sweeping paging in millimeter wave 5G networks},
  author={Weng, Chung-Wei and Sahoo, Biswa PS and Chou, Ching-Chun and Wei, Hung-Yu},
  booktitle={2018 IEEE International Conference on Communications Workshops (ICC Workshops)},
  pages={1--6},
  year={2018},
  organization={IEEE}
}

@inproceedings{paris2022adaptive,
  title={Adaptive Discontinuous Reception in 5G Advanced for Extended Reality Applications},
  author={Paris, Stefano and Pedersen, Klaus and Zhao, Qiyang},
  booktitle={2022 IEEE 95th Vehicular Technology Conference:(VTC2022-Spring)},
  pages={1--6},
  year={2022},
  organization={IEEE}
}
@article{koc2014device,
  title={Device power saving and latency optimization in LTE-A networks through DRX configuration},
  author={Koc, Ali T and Jha, Satish C and Vannithamby, Rath and Torlak, Murat},
  journal={IEEE Transactions on wireless communications},
  volume={13},
  number={5},
  pages={2614--2625},
  year={2014},
  publisher={IEEE}
}
@article{agiwal2022enhanced,
  title={Enhanced paging monitoring for 5g and beyond 5g networks},
  author={Agiwal, Anil and Agiwal, Mamta},
  journal={IEEE Access},
  volume={10},
  pages={27197--27210},
  year={2022},
  publisher={IEEE}
}

@article{bontu2009drx,
  title={DRX mechanism for power saving in LTE},
  author={Bontu, Chandra S and Illidge, Ed},
  journal={IEEE Communications Magazine},
  volume={47},
  number={6},
  pages={48--55},
  year={2009},
  publisher={IEEE}
}
@article{tseng2015delay,
  title={Delay and power consumption in LTE/LTE-A DRX mechanism with mixed short and long cycles},
  author={Tseng, Chih-Cheng and Wang, Hwang-Cheng and Kuo, Fang-Chang and Ting, Kuo-Chang and Chen, Hsiao-Hwa and Chen, Guan-Yun},
  journal={IEEE Transactions on Vehicular Technology},
  volume={65},
  number={3},
  pages={1721--1734},
  year={2015},
  publisher={IEEE}
}

@article{verma2019energy,
  title={Energy-efficient group paging mechanism for QoS constrained mobile IoT devices over LTE-A pro networks under 5G},
  author={Verma, Shikhar and Kawamoto, Yuichi and Kato, Nei},
  journal={IEEE Internet of Things Journal},
  volume={6},
  number={5},
  pages={9187--9199},
  year={2019},
  publisher={IEEE}
}
@inproceedings{ramazanali2017modeling,
  title={Modeling of LTE DRX in RRC Idle state},
  author={Ramazanali, Hawar and Vinel, Alexey and Yavuz, Emre and Jonsson, Magnus},
  booktitle={2017 IEEE 22nd International Workshop on Computer Aided Modeling and Design of Communication Links and Networks (CAMAD)},
  pages={1--5},
  year={2017},
  organization={IEEE}
}

@inproceedings{tung2015analysis,
  title={Analysis of DRX power saving with RRC states transition in LTE networks},
  author={Tung, Li-Ping and Wang, Li-Chun and Hsueh, Cheng-Wen and Chang, Chung-Ju},
  booktitle={2015 European Conference on Networks and Communications (EuCNC)},
  pages={301--305},
  year={2015},
  organization={IEEE}
}
@inproceedings{awada2017radio,
  title={A radio resource-efficient paging method in high frequency 5G networks},
  author={Awada, Ahmad and Michalopoulos, Diomidis S},
  booktitle={2017 IEEE Globecom Workshops (GC Wkshps)},
  pages={1--6},
  year={2017},
  organization={IEEE}
}

@inproceedings{lauridsen2021study,
  title={Study of Paging Enhancements for UE Energy Saving in 5G New Radio},
  author={Lauridsen, Mads and Sanchez, Laura L and Laselva, Daniela and Kaikkonen, Jorma},
  booktitle={2021 IEEE 93rd Vehicular Technology Conference (VTC2021-Spring)},
  pages={1--6},
  year={2021},
  organization={IEEE}
}
@article{andreev2015understanding,
  title={Understanding the IoT connectivity landscape: a contemporary M2M radio technology roadmap},
  author={Andreev, Sergey and Galinina, Olga and Pyattaev, Alexander and Gerasimenko, Mikhail and Tirronen, Tuomas and Torsner, Johan and Sachs, Joachim and Dohler, Mischa and Koucheryavy, Yevgeni},
  journal={IEEE Communications Magazine},
  volume={53},
  number={9},
  pages={32--40},
  year={2015},
  publisher={IEEE}
}
@inproceedings{alam2013evolution,
  title={The evolution of M2M into IoT},
  author={Alam, Mahbubul and Nielsen, Rasmus H and Prasad, Neeli R},
  booktitle={2013 First international Black Sea conference on communications and networking (BlackSeaCom)},
  pages={112--115},
  year={2013},
  organization={IEEE}
}



 @inproceedings{Díaz-Zayas_García-Pérez_Recio-Pérez_Merino_2016, title={3GPP Standards to Deliver LTE Connectivity for IoT}, DOI={10.1109/IoTDI.2015.26}, abstractNote={Nowadays, the maturity of IoT applications, networking technologies and manufacturers of “things” have caused an explosion in the number of connected devices. There are several reports which calculate that the number of connected things will reach 50 billion in the near future. This paper focuses on the provision of wide area and efficient connectivity to the Internet of Things(IoT), a key factor in such an explosion, through the usage of LTE. LTE MTC (Machine Type Communication), LTE M2M or just LTE-M are the coined terms that refer to this issue. This paper provides a detailed analysis of the standardization efforts carried out by the 3GPP to convert LTE into an IoT capable technology.}, booktitle={2016 IEEE First International Conference on Internet-of-Things Design and Implementation (IoTDI)}, author={Díaz-Zayas, Almudena and García-Pérez, Cesar A. and Recio-Pérez, Álvaro M. and Merino, Pedro}, year={2016}, month={Apr}, pages={283–288} }


@techreport{sequans_wp_2023,
 institution = {Sequans Communications},
 language = {en},
 month = {August},
 title = {How Should the 5G-NR Standard Evolve to Address Massive IoT Applications?},
 type = {White {Paper}},
 year = {2023}
}

@techreport{3gpp_study_2021_38.875,
 institution = {3rd Generation Partnership Project (3GPP)},
 month = {March},
 number = {38.875},
 title = {Study on support of reduced capability {NR} devices},
 type = {Technical {Report} ({TR})},
 year = {2021}
}

@techreport{itu-t_overview_2012_Y.2060,
 institution = {Telecommunication Standardization Sector of ITU (ITU-T)},
 month = {June},
 number = {Y.2060},
 title = {Overview of the Internet of things},
 type = {Recommendation},
 year = {2012}
}

@techreport{3gpp_service_nodate_22.368,
 institution = {3rd Generation Partnership Project (3GPP)},
 month = {March},
 number = {TS 22.368},
 title = {Service requirements for Machine-Type Communications (MTC)},
 type = {Technical Specification},
 year = {2022}
}




@techreport{TR_38_875,
	type = {Technical {Report} ({TR})},
	title = {Study on support of reduced capability {NR} devices},
	number = {38.875},
	institution = {3rd Generation Partnership Project (3GPP)},
	month = mar,
	year = {2021},
}

@techreport{R2-1912334,
	type = {{3GPP} {TSG}-{RAN} {WG2} {Meeting} 107-bis},
	title = {{RRM} measurement relaxation criteria},
	number = {R2-1912334},
	institution = {3rd Generation Partnership Project (3GPP)},
	month = oct,
	year = {2019},
}


@inproceedings{boisgueneSurveyNBIoTDownlink2017,
  title = {A Survey on {{NB-IoT}} Downlink Scheduling: {{Issues}} and Potential Solutions},
  shorttitle = {A Survey on {{NB-IoT}} Downlink Scheduling},
  booktitle = {2017 13th {{International Wireless Communications}} and {{Mobile Computing Conference}} ({{IWCMC}})},
  author = {Boisguene, Rubbens and Tseng, Sheng-Chia and Huang, Chih-Wei and Lin, Phone},
  year = {2017},
  month = jun,
  pages = {547--551},
  issn = {2376-6506},
  doi = {10.1109/IWCMC.2017.7986344},
  keywords = {Aerospace electronics,Downlink,Long Term Evolution,Narrowband,NarrowBand Internet of Things (NB-IoT),resource allocation,Resource management,scheduling,Synchronization},
  file = {C\:\\Users\\saeed\\Zotero\\storage\\UEP4V8LU\\Boisguene et al. - 2017 - A survey on NB-IoT downlink scheduling Issues and.pdf;C\:\\Users\\saeed\\Zotero\\storage\\SKYRL3KM\\7986344.html}
}